@misc{url1,
  author = {},
  title = {{}},
  howpublished = "\url{http://www.di.ens.fr/willow/research/inpainting/}",
  year = {2008}, 
  note = "[Online; accessed 11-April-2016]"
}
@article{agarwala2004interactive,
  title={Interactive digital photomontage},
  author={Agarwala, Aseem and Dontcheva, Mira and Agrawala, Maneesh and Drucker, Steven and Colburn, Alex and Curless, Brian and Salesin, David and Cohen, Michael},
  journal={ACM Transactions on Graphics (TOG)},
  volume={23},
  number={3},
  pages={294--302},
  year={2004},
  publisher={ACM}
}
@inproceedings{amirshahi2007photo,
  title={Photo completion using images from Internet photo sharing sites},
  author={Amirshahi, Hanieh and Kondo, Satoshi and Aoki, Takafumi},
  booktitle={Proceedings of the Meeting on Image Recognition and Understanding (MIRU)},
  pages={142},
  year={2007}
}
@inproceedings{bertalmio2000image,
  title={Image inpainting},
  author={Bertalmio, Marcelo and Sapiro, Guillermo and Caselles, Vincent and Ballester, Coloma},
  booktitle={Proceedings of the 27th annual conference on Computer graphics and interactive techniques},
  pages={417--424},
  year={2000},
  organization={ACM Press/Addison-Wesley Publishing Co.}
}
@inproceedings{efros1999texture,
  title={Texture synthesis by non-parametric sampling},
  author={Efros, Alexei A and Leung, Thomas K},
  booktitle={Computer Vision, 1999. The Proceedings of the Seventh IEEE International Conference on},
  volume={2},
  pages={1033--1038},
  year={1999},
  organization={IEEE}
}
@article{bertalmio2003simultaneous,
  title={Simultaneous structure and texture image inpainting},
  author={Bertalmio, Marcelo and Vese, Luminita and Sapiro, Guillermo and Osher, Stanley},
  journal={Image Processing, IEEE Transactions on},
  volume={12},
  number={8},
  pages={882--889},
  year={2003},
  publisher={IEEE}
}
@inproceedings{criminisi2003object,
  title={Object removal by exemplar-based inpainting},
  author={Criminisi, Antonio and Perez, Patrick and Toyama, Kentaro},
  booktitle={Computer Vision and Pattern Recognition, 2003. Proceedings. 2003 IEEE Computer Society Conference on},
  volume={2},
  pages={II--721},
  year={2003},
  organization={IEEE}
}
@inproceedings{sun2005image,
  title={Image completion with structure propagation},
  author={Sun, Jian and Yuan, Lu and Jia, Jiaya and Shum, Heung-Yeung},
  booktitle={ACM Transactions on Graphics (ToG)},
  volume={24},
  number={3},
  pages={861--868},
  year={2005},
  organization={ACM}
}
@inproceedings{rasmussen2005spatiotemporal,
  title={Spatiotemporal inpainting for recovering texture maps of partially occluded building facades},
  author={Rasmussen, Christopher and Korah, Thommen},
  booktitle={Image Processing, 2005. ICIP 2005. IEEE International Conference on},
  volume={3},
  pages={III--125},
  year={2005},
  organization={IEEE}
}
@inproceedings{wilczkowiak2005hole,
  title={Hole filling through photomontage},
  author={Wilczkowiak, Marta and Brostow, Gabriel J and Tordoff, Ben and Cipolla, Roberto},
  booktitle={BMVC 2005-Proceedings of the British Machine Vision Conference 2005},
  year={2005},
  organization={British Machine Vision Association, BMVA}
}
@inproceedings{whyte2009get,
  title={Get Out of my Picture! Internet-based Inpainting.},
  author={Whyte, Oliver and Sivic, Josef and Zisserman, Andrew},
  booktitle={BMVC},
  pages={1--11},
  year={2009}
}
@inproceedings{avidan2007seam,
  title={Seam carving for content-aware image resizing},
  author={Avidan, Shai and Shamir, Ariel},
  booktitle={ACM Transactions on graphics (TOG)},
  volume={26},
  number={3},
  pages={10},
  year={2007},
  organization={ACM}
}
@book{hartley2003multiple,
  title={Multiple view geometry in computer vision},
  author={Hartley, Richard and Zisserman, Andrew},
  year={2003},
  publisher={Cambridge university press}
}
@article{agarwala2004interactive,
  title={Interactive digital photomontage},
  author={Agarwala, Aseem and Dontcheva, Mira and Agrawala, Maneesh and Drucker, Steven and Colburn, Alex and Curless, Brian and Salesin, David and Cohen, Michael},
  journal={ACM Transactions on Graphics (TOG)},
  volume={23},
  number={3},
  pages={294--302},
  year={2004},
  publisher={ACM}
}